% -----------------------------------------
% -----------------------------------------
% --------------- CHAPTER 1 ---------------
% -----------------------------------------
% -----------------------------------------
%
% -----------------------
%           Introduction
% -----------------------
@article{OxygenOcean1,
  title={Declining oxygen in the global ocean and coastal waters},
  author={Breitburg, Denise and Levin, Lisa A and Oschlies, Andreas and Gr{\'e}goire, Marilaure and Chavez, Francisco P and Conley, Daniel J and Gar{\c{c}}on, V{\'e}ronique and Gilbert, Denis and Guti{\'e}rrez, Dimitri and Isensee, Kirsten and others},
  journal={Science},
  volume={359},
  number={6371},
  pages={eaam7240},
  year={2018},
  publisher={American Association for the Advancement of Science}
}

@article{OxygenOcean2,
  title={Oxygen minimum zones in the eastern tropical Atlantic and Pacific oceans},
  author={Karstensen, Johannes and Stramma, Lothar and Visbeck, Martin},
  journal={Progress in Oceanography},
  volume={77},
  number={4},
  pages={331--350},
  year={2008},
  publisher={Elsevier}
}

@article{OxygenBS1,
  title={Decline of the Black Sea oxygen inventory},
  author={Capet, Arthur and Stanev, Emil V and Beckers, Jean-Marie and Murray, James W and Gr{\'e}goire, Marilaure},
  journal={Biogeosciences},
  volume={13},
  number={4},
  pages={1287--1297},
  year={2016},
  publisher={Copernicus GmbH}
}

@article{OxygenBS2,
  title={Oxygen dynamics in the Black Sea as seen by Argo profiling floats},
  author={Stanev, EV and He, Y and Grayek, S and Boetius, Antje},
  journal={Geophysical Research Letters},
  volume={40},
  number={12},
  pages={3085--3090},
  year={2013},
  publisher={Wiley Online Library}
}

% -----------------------
%          State of the art
% -----------------------
@article{KolmogorovKaskade,
  title={The local structure of turbulence in incompressible viscous fluid for very large Reynolds numbers},
  author={Kolmogorov, Andrei Nikolaevich},
  journal={Proceedings of the Royal Society of London. Series A: Mathematical and Physical Sciences},
  volume={434},
  number={1890},
  pages={9--13},
  year={1941},
  publisher={The Royal Society London}
}

@article{InfluenceMesoscale1,
  title={Grid degradation of submesoscale resolving ocean models: Benefits for offline passive tracer transport},
  author={L{\'e}vy, Marina and Resplandy, Laure and Klein, Patrice and Capet, Xavier and Iovino, Doroteaciro and {\'E}th{\'e}, Christian},
  journal={Ocean Modelling},
  volume={48},
  pages={1--9},
  year={2012},
  publisher={Elsevier}
}

@article{InfluenceMesoscale2,
  title={Contribution of mesoscale processes to nutrient budgets in the Arabian Sea},
  author={Resplandy, Laure and L{\'e}vy, Marina and Madec, Gurvan and Pous, St{\'e}phane and Aumont, Olivier and Kumar, D},
  journal={Journal of Geophysical Research: Oceans},
  volume={116},
  number={C11},
  year={2011},
  publisher={Wiley Online Library}
}

@article{InfluenceMesoscale3,
  title={Bringing physics to life at the submesoscale},
  author={L{\'e}vy, Marina and Ferrari, Raffaele and Franks, Peter JS and Martin, Adrian P and Rivi{\`e}re, Pascal},
  journal={Geophysical Research Letters},
  volume={39},
  number={14},
  year={2012},
  publisher={Wiley Online Library}
}

@article{InfluenceMesoscale4,
  title={An observational assessment of the influence of mesoscale and submesoscale heterogeneity on ocean biogeochemical reactions},
  author={Martin, Adrian P and L{\'e}vy, Marina and Van Gennip, Simon and Pardo, Silvia and Srokosz, Meric and Allen, John and Painter, Stuart C and Pidcock, Roz},
  journal={Global Biogeochemical Cycles},
  volume={29},
  number={9},
  pages={1421--1438},
  year={2015},
  publisher={Wiley Online Library}
}

@article{InfluenceMesoscale5,
  title={Enhancement in vertical fluxes at a front by mesoscale-submesoscale coupling},
  author={Ramachandran, Sanjiv and Tandon, Amit and Mahadevan, Amala},
  journal={Journal of Geophysical Research: Oceans},
  volume={119},
  number={12},
  pages={8495--8511},
  year={2014},
  publisher={Wiley Online Library}
}

@article{InfluenceMesoscale6,
  title={Impact of submesoscale variability in estimating the air-sea CO2 exchange: Results from a model study of the POMME experiment},
  author={Resplandy, Laure and L{\'e}vy, Marina and d'Ovidio, Francesco and Merlivat, Liliane},
  journal={Global Biogeochemical Cycles},
  volume={23},
  number={1},
  year={2009},
  publisher={Wiley Online Library}
}

@article{InfluenceMesoscale7,
  title={Multiscale dynamical analysis of a high-resolution numerical model simulation of the Solomon Sea circulation},
  author={Djath, Bughsin' and Verron, Jacques and Melet, Angelique and Gourdeau, Lionel and Barnier, Bernard and Molines, Jean-Marc},
  journal={Journal of Geophysical Research: Oceans},
  volume={119},
  number={9},
  pages={6286--6304},
  year={2014},
  publisher={Wiley Online Library}
}

@article{InfluenceMesoscale8,
  title={Ocean submesoscales as a key component of the global heat budget},
  author={Su, Zhan and Wang, Jinbo and Klein, Patrice and Thompson, Andrew F and Menemenlis, Dimitris},
  journal={Nature communications},
  volume={9},
  number={1},
  pages={775},
  year={2018},
  publisher={Nature Publishing Group UK London}
}

@article{InfluenceMesoscale9,
  title={The influence of mesoscale and submesoscale heterogeneity on ocean biogeochemical reactions},
  author={L{\'e}vy, Marina and Martin, Adrian P},
  journal={Global Biogeochemical Cycles},
  volume={27},
  number={4},
  pages={1139--1150},
  year={2013},
  publisher={Wiley Online Library}
}

% --------- Analytical ---------
@article{ClosureAnalytical1,
  title={7. Bericht {\"u}ber Untersuchungen zur ausgebildeten Turbulenz},
  author={Prandtl, Ludwig},
  journal={ZAMM-Journal of Applied Mathematics and Mechanics/Zeitschrift f{\"u}r Angewandte Mathematik und Mechanik},
  volume={5},
  number={2},
  pages={136--139},
  year={1925},
  publisher={Wiley Online Library}
}

@article{ClosureAnalytical2,
  title={General circulation experiments with the primitive equations: I. The basic experiment},
  author={Smagorinsky, Joseph},
  journal={Monthly weather review},
  volume={91},
  number={3},
  pages={99--164},
  year={1963},
  publisher={American Meteorological Society}
}

@article{ClosureAnalytical3,
  title={Predictions of two-dimensional boundary layers with the aid of the k-epsilon model of turbulence},
  author={Singhal, AK and Spalding, DB},
  journal={Computer Methods in Applied Mechanics and Engineering},
  volume={25},
  number={3},
  pages={365--383},
  year={1981},
  publisher={Elsevier}
}

@techreport{ClosureAnalytical4,
  title={Improved two-equation k-omega turbulence models for aerodynamic flows},
  author={Menter, Florian R},
  year={1992}
}

@article{ClosureAnalytical51,
  title={Parameterizing subgrid-scale eddy effects using energetically consistent backscatter},
  author={Jansen, Malte F and Held, Isaac M},
  journal={Ocean Modelling},
  volume={80},
  pages={36--48},
  year={2014},
  publisher={Elsevier}
}

@article{ClosureAnalytical52,
  title={Energy budget-based backscatter in an eddy permitting primitive equation model},
  author={Jansen, Malte F and Held, Isaac M and Adcroft, Alistair and Hallberg, Robert},
  journal={Ocean Modelling},
  volume={94},
  pages={15--26},
  year={2015},
  publisher={Elsevier}
}

% --------- Deep Neural Networks ---------
@article{EffectiveViscosity,
  title={A more general effective-viscosity hypothesis},
  author={Pope, Stephen B},
  journal={Journal of Fluid Mechanics},
  volume={72},
  number={2},
  pages={331--340},
  year={1975},
  publisher={Cambridge University Press}
}

@article{DNNInvariant1,
  title={Reynolds averaged turbulence modelling using deep neural networks with embedded invariance},
  author={Ling, Julia and Kurzawski, Andrew and Templeton, Jeremy},
  journal={Journal of Fluid Mechanics},
  volume={807},
  pages={155--166},
  year={2016},
  publisher={Cambridge University Press}
}

@article{DNNInvariant2,
  title={An invariances-preserving vector basis neural network for the closure of Reynolds-averaged Navier--Stokes equations by the divergence of the Reynolds stress tensor},
  author={Berrone, S and Oberto, D},
  journal={Physics of Fluids},
  volume={34},
  number={9},
  year={2022},
  publisher={AIP Publishing}
}

@article{DNNInvariant3,
  title={A Review of Physics-Informed Machine Learning in Fluid Mechanics},
  author={Sharma, Pushan and Chung, Wai Tong and Akoush, Bassem and Ihme, Matthias},
  journal={Energies},
  volume={16},
  number={5},
  pages={2343},
  year={2023},
  publisher={MDPI}
}

@article{FCNN1,
  title={Applications of deep learning to ocean data inference and subgrid parameterization},
  author={Bolton, Thomas and Zanna, Laure},
  journal={Journal of Advances in Modeling Earth Systems},
  volume={11},
  number={1},
  pages={376--399},
  year={2019},
  publisher={Wiley Online Library}
}

@article{FNO,
  title={Fourier neural operator for parametric partial differential equations},
  author={Li, Zongyi and Kovachki, Nikola and Azizzadenesheli, Kamyar and Liu, Burigede and Bhattacharya, Kaushik and Stuart, Andrew and Anandkumar, Anima},
  journal={arXiv preprint arXiv:2010.08895},
  year={2020}
}

@article{FFNO,
  title={Factorized fourier neural operators},
  author={Tran, Alasdair and Mathews, Alexander and Xie, Lexing and Ong, Cheng Soon},
  journal={arXiv preprint arXiv:2111.13802},
  year={2021}
}

@article{SFNO,
  title={Spherical Fourier Neural Operators: Learning Stable Dynamics on the Sphere},
  author={Bonev, Boris and Kurth, Thorsten and Hundt, Christian and Pathak, Jaideep and Baust, Maximilian and Kashinath, Karthik and Anandkumar, Anima},
  journal={arXiv preprint arXiv:2306.03838},
  year={2023}
}

@article{PySR,
  title={Discovering symbolic models from deep learning with inductive biases},
  author={Cranmer, Miles and Sanchez Gonzalez, Alvaro and Battaglia, Peter and Xu, Rui and Cranmer, Kyle and Spergel, David and Ho, Shirley},
  journal={Advances in Neural Information Processing Systems},
  volume={33},
  pages={17429--17442},
  year={2020}
}

@article{ClosureGNN,
  title={Operator learning of RANS equations: a Graph Neural Network closure model},
  author={Quattromini, Michele and Bucci, Michele Alessandro and Cherubini, Stefania and Semeraro, Onofrio},
  journal={arXiv preprint arXiv:2303.03806},
  year={2023}
}

@article{ClosureDataDrivenZanna,
  title={Data-driven equation discovery of ocean mesoscale closures},
  author={Zanna, Laure and Bolton, Thomas},
  journal={Geophysical Research Letters},
  volume={47},
  number={17},
  pages={e2020GL088376},
  year={2020},
  publisher={Wiley Online Library}
}

@article{Benchmarking,
  title={Benchmarking of machine learning ocean subgrid parameterizations in an idealized model},
  author={Ross, Andrew and Li, Ziwei and Perezhogin, Pavel and Fernandez-Granda, Carlos and Zanna, Laure},
  journal={Journal of Advances in Modeling Earth Systems},
  volume={15},
  number={1},
  pages={e2022MS003258},
  year={2023},
  publisher={Wiley Online Library}
}

% ------- BOOKS------
@book{BookQG,
  title={Fundamentals of ocean climate models},
  author={Griffies, Stephen},
  year={2018},
  publisher={Princeton university press}
}

@article{CFD,
  author       = "Vincent Terrapon",
  title            = "Introduction to computational fluid dynamics",
  institution  = "Universit{\'e} de Liege",
  year           = "2023",
  note           = "First lecture",
}

% -----------------------------------------
% -----------------------------------------
% --------------- CHAPTER 3 ---------------
% -----------------------------------------
% -----------------------------------------
%
@inproceedings{unet,
  title={U-net: Convolutional networks for biomedical image segmentation},
  author={Ronneberger, Olaf and Fischer, Philipp and Brox, Thomas},
  booktitle={Medical Image Computing and Computer-Assisted Intervention--MICCAI 2015: 18th International Conference, Munich, Germany, October 5-9, 2015, Proceedings, Part III 18},
  pages={234--241},
  year={2015},
  organization={Springer}
}

@inproceedings{unet_example_1,
  title={3D U-Net: learning dense volumetric segmentation from sparse annotation},
  author={{\c{C}}i{\c{c}}ek, {\"O}zg{\"u}n and Abdulkadir, Ahmed and Lienkamp, Soeren S and Brox, Thomas and Ronneberger, Olaf},
  booktitle={Medical Image Computing and Computer-Assisted Intervention--MICCAI 2016: 19th International Conference, Athens, Greece, October 17-21, 2016, Proceedings, Part II 19},
  pages={424--432},
  year={2016},
  organization={Springer}
}

% -----------------------------------------
% -----------------------------------------
% --------------- CHAPTER 5 ---------------
% -----------------------------------------
% -----------------------------------------
%
% -----------------------
%           METHODOLOGY
% -----------------------
@article{kraichnan1976eddy,
  title={Eddy viscosity in two and three dimensions},
  author={Kraichnan, Robert H},
  journal={Journal of Atmospheric Sciences},
  volume={33},
  number={8},
  pages={1521--1536},
  year={1976}
}

@article{charney1971geostrophic,
  title={Geostrophic turbulence},
  author={Charney, Jule G},
  journal={Journal of the Atmospheric Sciences},
  volume={28},
  number={6},
  pages={1087--1095},
  year={1971},
  publisher={American Meteorological Society}
}

